@article{attia2019,
  author = {Zachi I. Attia  and Paul A. Friedman  and Peter A. Noseworthy  and Francisco Lopez-Jimenez  and Dorothy J. Ladewig  and Gaurav Satam  and Patricia A. Pellikka  and Thomas M. Munger  and Samuel J. Asirvatham  and Christopher G. Scott  and Rickey E. Carter  and Suraj Kapa },
  title = {Age and Sex Estimation Using Artificial Intelligence From Standard 12-Lead ECGs},
  journal = {Circulation: Arrhythmia and Electrophysiology},
  volume = {12},
  number = {9},
  pages = {e007284},
  year = {2019},
  doi = {10.1161/CIRCEP.119.007284}
}

﻿@article{gustafsson2022,
  author={Gustafsson, Stefan and Gedon, Daniel and Lampa, Erik and Ribeiro, Ant{\^o}nio H. and Holzmann, Martin J. and Sch{\"o}n, Thomas B. and Sundstr{\"o}m, Johan},
  title={Development and validation of deep learning ECG-based prediction of myocardial infarction in emergency department patients},
  journal={Scientific Reports},
  year={2022},
  month={Nov},
  day={15},
  volume={12},
  number={1},
  pages={19615},
  issn={2045-2322},
  doi={10.1038/s41598-022-24254-x},
}

@article{hannun2019,
  author={Hannun, Awni Y. and Rajpurkar, Pranav and Haghpanahi, Masoumeh and Tison, Geoffrey H. and Bourn, Codie and Turakhia, Mintu P. and Ng, Andrew Y.},
  journal={Nature Medicine},
  title={Cardiologist-level arrhythmia detection and classification in ambulatory electrocardiograms using a deep neural network},
  year={2019},
  volume={25},
  pages={65-69},
  doi={10.1038/s41591-018-0268-3}
}

@INPROCEEDINGS{he2016,
  author={He, Kaiming and Zhang, Xiangyu and Ren, Shaoqing and Sun, Jian},
  booktitle={2016 IEEE Conference on Computer Vision and Pattern Recognition (CVPR)}, 
  title={Deep Residual Learning for Image Recognition}, 
  year={2016},
  volume={},
  number={},
  pages={770-778},
  doi={10.1109/CVPR.2016.90}
}

@INPROCEEDINGS{he2019,
  author={He, Tong and Zhang, Zhi and Zhang, Hang and Zhang, Zhongyue and Xie, Junyuan and Li, Mu},
  booktitle={2019 IEEE/CVF Conference on Computer Vision and Pattern Recognition (CVPR)}, 
  title={Bag of Tricks for Image Classification with Convolutional Neural Networks}, 
  year={2019},
  volume={},
  number={},
  pages={558-567},
  doi={10.1109/CVPR.2019.00065}
}

@InProceedings{hu2018,
  author = {Hu, Jie and Shen, Li and Sun, Gang},
  title = {Squeeze-and-Excitation Networks},
  booktitle = {Proceedings of the IEEE Conference on Computer Vision and Pattern Recognition (CVPR)},
  month = {June},
  year = {2018}
} 

@article{mehari2022,
  title = {Self-supervised representation learning from 12-lead ECG data},
  journal = {Computers in Biology and Medicine},
  volume = {141},
  pages = {105114},
  year = {2022},
  issn = {0010-4825},
  doi = {10.1016/j.compbiomed.2021.105114},
  author = {Temesgen Mehari and Nils Strodthoff},
}

@article{mehari2023,
  author={Mehari, Temesgen and Strodthoff, Nils},
  journal={IEEE Journal of Biomedical and Health Informatics}, 
  title={Towards Quantitative Precision for ECG Analysis: Leveraging State Space Models, Self-Supervision and Patient Metadata}, 
  year={2023},
  volume={27},
  number={11},
  pages={5326-5334},
  doi={10.1109/JBHI.2023.3310989}
}

@article{ribeiro2020,
  title = {Automatic Diagnosis of the 12-Lead {{ECG}} Using a Deep Neural Network},
  author = {Ribeiro, Ant{\^o}nio H. and Ribeiro, Manoel Horta and Paix{\~a}o, Gabriela M. M. and Oliveira, Derick M. and Gomes, Paulo R. and Canazart, J{\'e}ssica A. and Ferreira, Milton P. S. and Andersson, Carl R. and Macfarlane, Peter W. and Meira, Wagner and Sch{\"o}n, Thomas B. and Ribeiro, Antonio Luiz P.},
  year = {2020},
  month = dec,
  journal = {Nature Communications},
  volume = {11},
  number = {1},
  pages = {1760},
  issn = {2041-1723},
  doi = {10.1038/s41467-020-15432-4},
}

@article{strodthoff2020,
  author={Strodthoff, Nils and Wagner, Patrick and Schaeffter, Tobias and Samek, Wojciech},
  journal={IEEE Journal of Biomedical and Health Informatics}, 
  title={Deep Learning for ECG Analysis: Benchmarks and Insights from PTB-XL}, 
  year={2021},
  volume={25},
  number={5},
  pages={1519-1528},
  doi={10.1109/JBHI.2020.3022989}
}

@article{wagner2020,
  title={PTB-XL, a large publicly available electrocardiography dataset},
  author={Wagner, Patrick and Strodthoff, Nils and Bousseljot, Ralf-Dieter and Kreiseler, Dieter and Lunze, Fatima I. and Samek, Wojciech and Schaeffter, Tobias},
  journal={Scientific Data},
  year={2020},
  volume={7},
  number={154},
  doi={10.1038/s41597-020-0495-6}
}

@article{lima2021,
  title={Deep neural network-estimated electrocardiographic age as a mortality predictor},
  author={Lima, Emilly M. and Ribeiro, Ant{\^o}nio H. and Paixão, Gabriela M. M. and Ribeiro, Manoel Horta and Pinto-Filho, Marcelo M. and Gomes, Paulo R. and Oliveira, Derick M. and Sabino, Ester C. and Duncan, Bruce B. and Giatti, Luana and Barreto, Sandhi M. and Meira Jr, Wagner and Schön, Thomas B. and Ribeiro, Antonio Luiz P.},
  journal={Nature Communications},
  year={2021},
  volume={12},
  number={5117},
  doi={10.1038/s41467-021-25351-7}
}

@article{nystrom2024,
  title={Prior electrocardiograms not useful for machine learning predictions of major adverse cardiac events in emergency department chest pain patients},
  author={Axel Nyström and Pontus {Olsson de Capretz} and Anders Björkelund and Jakob {Lundager Forberg} and Mattias Ohlsson and Jonas Björk and Ulf Ekelund},
  journal={Journal of Electrocardiology},
  volume={82},
  pages={42-51},
  year={2024},
  issn={0022-0736},
  doi={10.1016/j.jelectrocard.2023.11.002},
}


