@article{anderson2013,
  title = {2012 ACCF/AHA Focused Update Incorporated Into the ACCF/AHA 2007 Guidelines for the Management of Patients With Unstable Angina/Nonâ€“ST-Elevation Myocardial Infarction: A Report of the American College of Cardiology Foundation/American Heart Association Task Force on Practice Guidelines},
  journal = {Journal of the American College of Cardiology},
  volume = {61},
  number = {23},
  pages = {e179-e347},
  year = {2013},
  issn = {0735-1097},
  doi = {10.1016/j.jacc.2013.01.014},
  author = {Jeffrey L. Anderson and Cynthia D. Adams and Elliott M. Antman and Charles R. Bridges and Robert M. Califf and Donald E. Casey and William E. Chavey and Francis M. Fesmire and Judith S. Hochman and Thomas N. Levin and A. Michael Lincoff and Eric D. Peterson and Pierre Theroux and Nanette K. Wenger and R. Scott Wright},
}

@article{ansari2017,
  title = {A {{Review}} of {{Automated Methods}} for {{Detection}} of {{Myocardial Ischemia}} and {{Infarction Using Electrocardiogram}} and {{Electronic Health Records}}},
  author = {Ansari, Sardar and Farzaneh, Negar and Duda, Marlena and Horan, Kelsey and Andersson, Hedvig B. and Goldberger, Zachary D. and Nallamothu, Brahmajee K. and Najarian, Kayvan},
  year = {2017},
  journal = {IEEE Reviews in Biomedical Engineering},
  volume = {10},
  pages = {264--298},
  issn = {1937-3333, 1941-1189},
  doi = {10.1109/RBME.2017.2757953},
}

@article{bergstra2012,
  author = {James Bergstra and Yoshua Bengio},
  title = {Random Search for Hyper-Parameter Optimization},
  journal = {Journal of Machine Learning Research},
  year = {2012},
  volume = {13},
  number = {10},
  pages = {281-305},
  url = {http://jmlr.org/papers/v13/bergstra12a.html}
}

@article{cullen2015,
  author = {Cullen, Louise and Greenslade, Jaimi and Merollini, Katharina and Graves, Nicholas and Hammett, Christopher J K and Hawkins, Tracey and Than, Martin P and Brown, Anthony F T and Huang, Christopher B and Panahi, Seyed E and Dalton, Emily and Parsonage, William A},
  title = {Cost and outcomes of assessing patients with chest pain in an Australian emergency department},
  journal = {Medical Journal of Australia},
  volume = {202},
  number = {8},
  pages = {427-432},
  doi = {10.5694/mja14.00472},
  year = {2015}
}

@article{efron1981,
  title = {Nonparametric Standard Errors and Confidence Intervals},
  author = {Efron, Bradley},
  year = {1981},
  journal = {Canadian Journal of Statistics},
  volume = {9},
  number = {2},
  pages = {139--158},
  issn = {03195724, 1708945X},
  doi = {10.2307/3314608},
}

@article{forberg2009,
  title = {In Search of the Best Method to Predict Acute Coronary Syndrome Using Only the Electrocardiogram from the Emergency Department},
  author = {Forberg, Jakob L. and Green, Michael and Bj{\"o}rk, Jonas and Ohlsson, Mattias and Edenbrandt, Lars and {\"O}hlin, Hans and Ekelund, Ulf},
  year = {2009},
  month = jan,
  journal = {Journal of Electrocardiology},
  volume = {42},
  number = {1},
  pages = {58--63},
  issn = {00220736},
  doi = {10.1016/j.jelectrocard.2008.07.010},
}

@article{giannitsis2010,
  title = {Analytical {{Validation}} of a {{High-Sensitivity Cardiac Troponin T Assay}}},
  author = {Giannitsis, Evangelos and Kurz, Kerstin and Hallermayer, Klaus and Jarausch, Jochen and Jaffe, Allan S and Katus, Hugo A},
  year = {2010},
  month = feb,
  journal = {Clinical Chemistry},
  volume = {56},
  number = {2},
  pages = {254--261},
  issn = {0009-9147, 1530-8561},
  doi = {10.1373/clinchem.2009.132654},
}

@article{lee1990,
  title = {Impact of the Availability of a Prior Electrocardiogram on the Triage of the Patient with Acute Chest Pain},
  author = {Lee, Thomas H. and Cook, E. Francis and Weisberg, Monica C. and Rouan, Gregory W. and Brand, Donald A. and Goldman, Lee},
  year = {1990},
  month = sep,
  journal = {Journal of General Internal Medicine},
  volume = {5},
  number = {5},
  pages = {381--388},
  issn = {0884-8734, 1525-1497},
  doi = {10.1007/BF02599421},
}

@article{liu2021,
  title = {Deep Learning in {{ECG}} Diagnosis: {{A}} Review},
  shorttitle = {Deep Learning in {{ECG}} Diagnosis},
  author = {Liu, Xinwen and Wang, Huan and Li, Zongjin and Qin, Lang},
  year = {2021},
  month = sep,
  journal = {Knowledge-Based Systems},
  volume = {227},
  pages = {107187},
  issn = {09507051},
  doi = {10.1016/j.knosys.2021.107187},
}

@inproceedings{macfarlane2005,
  title = {The University of Glasgow ({{Uni-G}}) {{ECG}} Analysis Program},
  booktitle = {Computers in {{Cardiology}}, 2005},
  author = {Macfarlane, P.W. and Devine, B. and Clark, E.},
  year = {2005},
  pages = {451--454},
  publisher = {{IEEE}},
  address = {{Lyon, France}},
  doi = {10.1109/CIC.2005.1588134},
}

@article{mokhtari2016,
  title = {A 1-h {{Combination Algorithm Allows Fast Rule-Out}} and {{Rule-In}} of {{Major Adverse Cardiac Events}}},
  author = {Mokhtari, Arash and Borna, Catharina and Gilje, Patrik and Tyd{\'e}n, Patrik and Lindahl, Bertil and Nilsson, Hans-J{\"o}rgen and Khoshnood, Ardavan and Bj{\"o}rk, Jonas and Ekelund, Ulf},
  year = {2016},
  month = apr,
  journal = {Journal of the American College of Cardiology},
  volume = {67},
  number = {13},
  pages = {1531--1540},
  issn = {07351097},
  doi = {10.1016/j.jacc.2016.01.059},
}

@article{mokhtari2020,
  title = {Effectiveness and {{Safety}} of the {{European Society}} of {{Cardiology}} 0-/1-h {{Troponin Rule-Out Protocol}}: {{The Design}} of the {{ESC-TROP Multicenter Implementation Study}}},
  shorttitle = {Effectiveness and {{Safety}} of the {{European Society}} of {{Cardiology}} 0-/1-h {{Troponin Rule-Out Protocol}}},
  author = {Mokhtari, Arash and Khoshnood, Ardavan and Lundager~Forberg, Jakob and {H{\aa}rd~af~Segerstad}, Caroline and Ekstr{\"o}m, Ulf and Schyman, Tommy and Akbarzadeh, Mahin and Lindahl, Bertil and Ekelund, Ulf},
  year = {2020},
  journal = {Cardiology},
  volume = {145},
  number = {11},
  pages = {685--692},
  issn = {0008-6312, 1421-9751},
  doi = {10.1159/000509390},
}

@article{ohlsson2001,
  title = {Usefulness of Serial Electrocardiograms for Diagnosis of Acute Myocardial Infarction},
  author = {Ohlsson, Mattias and {\"O}hlin, Hans and Wallerstedt, Susanna Maria and Edenbrandt, Lars},
  year = {2001},
  month = sep,
  journal = {The American Journal of Cardiology},
  volume = {88},
  number = {5},
  pages = {478--481},
  issn = {00029149},
  doi = {10.1016/S0002-9149(01)01722-2},
}

@article{pipberger1961,
  title = {Automatic {{Screening}} of {{Normal}} and {{Abnormal Electrocardiograms}} by {{Means}} of a {{Digital Electronic Computer}}.},
  author = {Pipberger, H. V. and Arms, R. J. and Stallmann, F. W.},
  year = {1961},
  month = jan,
  journal = {Experimental Biology and Medicine},
  volume = {106},
  number = {1},
  pages = {130--132},
  issn = {1535-3702, 1535-3699},
  doi = {10.3181/00379727-106-26260},
}

@article{ribeiro2020,
  title = {Automatic Diagnosis of the 12-Lead {{ECG}} Using a Deep Neural Network},
  author = {Ribeiro, Ant{\^o}nio H. and Ribeiro, Manoel Horta and Paix{\~a}o, Gabriela M. M. and Oliveira, Derick M. and Gomes, Paulo R. and Canazart, J{\'e}ssica A. and Ferreira, Milton P. S. and Andersson, Carl R. and Macfarlane, Peter W. and Meira, Wagner and Sch{\"o}n, Thomas B. and Ribeiro, Antonio Luiz P.},
  year = {2020},
  month = dec,
  journal = {Nature Communications},
  volume = {11},
  number = {1},
  pages = {1760},
  issn = {2041-1723},
  doi = {10.1038/s41467-020-15432-4},
}

@article{sawai2017,
  title = {Changes in Ischaemic {{ECG}} Abnormalities and Subsequent Risk of Cardiovascular Disease},
  author = {Sawai, Takeshi and Imano, Hironori and Muraki, Isao and {Hayama-Terada}, Mina and Shimizu, Yuji and Cui, Renzhe and Kitamura, Akihiko and Kiyama, Masahiko and Okada, Takeo and Ohira, Tetsuya and Yamagishi, Kazumasa and Umesawa, Mitsumasa and Sankai, Tomoko and Iso, Hiroyasu},
  year = {2017},
  month = jan,
  journal = {Heart Asia},
  volume = {9},
  number = {1},
  pages = {36--43},
  issn = {1759-1104},
  doi = {10.1136/heartasia-2016-010846},
}

@article{sbrollini2019,
  title = {Serial Electrocardiography to Detect Newly Emerging or Aggravating Cardiac Pathology: A Deep-Learning Approach},
  shorttitle = {Serial Electrocardiography to Detect Newly Emerging or Aggravating Cardiac Pathology},
  author = {Sbrollini, Agnese and De Jongh, Marjolein C. and Ter Haar, C. Cato and Treskes, Roderick W. and Man, Sumche and Burattini, Laura and Swenne, Cees A.},
  year = {2019},
  month = dec,
  journal = {BioMedical Engineering OnLine},
  volume = {18},
  number = {1},
  pages = {15},
  issn = {1475-925X},
  doi = {10.1186/s12938-019-0630-9},
}

@inbook{steyerberg2009,
  title = {Validation of {{Prediction Models}}},
  booktitle = {Clinical {{Prediction Models}}},
  author = {Steyerberg, E.W.},
  year = {2009},
  pages = {299--311},
  publisher = {{Springer New York}},
  address = {{New York, NY}},
  doi = {10.1007/978-0-387-77244-8\_17},
  collaborator = {Steyerberg, E.W.},
  isbn = {978-0-387-77243-1 978-0-387-77244-8},
}

@article{strom2007,
  title = {Persistent Ischaemic {{ECG}} Abnormalities on Repeated {{ECG}} Examination Have Important Prognostic Value for Cardiovascular Disease beyond Established Risk Factors: A Population-Based Study in Middle-Aged Men with up to 32 Years of Follow-Up},
  shorttitle = {Persistent Ischaemic {{ECG}} Abnormalities on Repeated {{ECG}} Examination Have Important Prognostic Value for Cardiovascular Disease beyond Established Risk Factors},
  author = {Strom Moller, C. and Zethelius, B. and Sundstrom, J. and Lind, L.},
  year = {2007},
  month = sep,
  journal = {Heart},
  volume = {93},
  number = {9},
  pages = {1104--1110},
  issn = {1355-6037},
  doi = {10.1136/hrt.2006.109116},
}

@article{terhaar2019,
  author = {ter Haar, Cornelia Cato and Peters, Ron J. G. and Bosch, Jan and Sbrollini, Agnese and Gripenstedt, Sophia and Adams, Rob and Bleijenberg, Eduard and Kirchhof, Charles J. H. J. and Alizadeh Dehnavi, Reza and Burattini, Laura and de Winter, Robbert J. and Macfarlane, Peter W. and Postema, Pieter G. and Man, Sumche and Scherptong, Roderick W. C. and Schalij, Martin J. and Maan, Arie C. and Swenne, Cees A.},
  title = {An initial exploration of subtraction electrocardiography to detect myocardial ischemia in the prehospital setting},
  journal = {Annals of Noninvasive Electrocardiology},
  volume = {25},
  number = {3},
  pages = {e12722},
  doi = {10.1111/anec.12722},
  year = {2020}
}

@article{timmis2022,
    author = {Timmis, Adam and Vardas, Panos and Townsend, Nick and Torbica, Aleksandra and Katus, Hugo and De Smedt, Delphine and Gale, Chris P. and Maggioni, Aldo P. and Petersen, Steffen E. and Huculeci, Radu and Kazakiewicz, Dzianis and de Benito Rubio, Victor and Ignatiuk, Barbara and Raisi-Estabragh, Zahra and Pawlak, Agnieszka and Karagiannidis, Efstratios and Treskes, Roderick and Gaita, Dan and Beltrame, John F. and McConnachie, Alex and Bardinet, Isabel and Graham, Ian and Flather, Marcus and Elliott, Perry and Mossialos, Elias A. and Weidinger, Franz and Achenbach, Stephan},
    title = {European Society of Cardiology: Cardiovascular Disease Statistics 2021},
    journal = {European Heart Journal},
    volume = {43},
    number = {8},
    pages = {716-799},
    year = {2022},
    month = {01},
    issn = {0195-668X},
    doi = {10.1093/eurheartj/ehab892},
}


